@conference{fraser:ipac22-wepost012,
    author = {M. A. Fraser and others},
    title = {{Feasibility of Slow-Extracted High-Energy Ions From the CERN PS for CHARM}},
    paper = {WEPOST012},
    venue = {Bangkok, Thailand, Jun. 2022},
    intype = {presented at the},
    series = {International Particle Accelerator Conference},
    number = {13},
    publisher = {JACoW Publishing, Geneva, Switzerland},
    note = {presented at IPAC'22, Bangkok, Thailand, Jun. 2022, paper WEPOST012, this conference},
    language = {english}
}

@conference{huschauer:ipac22-mopost006,
    author = {A. Huschauer and others},
    title = {{Beam Commissioning and Optimisation in the CERN Proton Synchrotron After the Upgrade of the LHC Injectors}},
    paper = {MOPOST006},
    venue = {Bangkok, Thailand, Jun. 2022},
    intype = {presented at the},
    series = {International Particle Accelerator Conference},
    number = {13},
    publisher = {JACoW Publishing, Geneva, Switzerland},
    note = {presented at IPAC'22, Bangkok, Thailand, Jun. 2022, paper MOPOST006, this conference},
    language = {english}
}